@article{freyaldenhoven2021visualization,
   title={Visualization, identification, and estimation in the linear panel event-study design},
  author={Freyaldenhoven, Simon and Hansen, Christian and P{\'e}rez, Jorge P{\'e}rez and Shapiro, Jesse M},
  journal={NBER WP},
  year={2021}
}

@article{carreto2024xtevent,
title={xtevent: Estimation and Visualization in the linear panel event-study design},
  author={Carreto, Constantino and Freyaldenhoven, Simon and Hansen, Christian and Perez, Jorge Perez and Shapiro, Jesse},
  journal={Stata Journal},
  year={forthcoming}
}
